@misc{openssl,
  title = {{OpenSSL: Cryptography and SSL/TLS Toolkit}},
  howpublished = "\url{ https://www.openssl.org/}",
  year = {2020},
}

@misc{bouncycastle,
  title = {{The Legion of the Bouncy Castle}},
  howpublished = "\url{ http://www.bouncycastle.org/}",
  year = {2020}
}

@misc{polarssl,
  title = {{SSL Library mbed TLS / PolarSSL}},
  howpublished = "\url{https://tls.mbed.org/}",
  year      = {2020},
}

@misc{libgcrypt,
  title = {{Libgcrypt}},
  howpublished = "\url{https://www.gnupg.org/software/libgcrypt/index.html}",
  year      = {2020},
}

@misc{ffcode,
  title = {{Mastik: A Micro-Architectural Side-Channel Toolkit}},
  howpublished = "\url{https://cs.adelaide.edu.au/~yval/Mastik/}",
  year      = {2020},
}

@misc{Cryptlib,
  title = {{Cryptlib Encryption Toolkit}},
  howpublished = "\url{https://www.cs.auckland.ac.nz/~pgut001/cryptlib/}",
  year = {2020}
}

@misc{Botan,
  title = {{Botan: Crypto and TLS for Modern C++}},
  howpublished = "\url{ https://botan.randombit.net/}",
  year = {2020}
}

@misc{Cryptopp,
  title = {{Crypto++ Library 8.2}},
  howpublished = "\url{ https://www.cryptopp.com/}",
  year = {2020}
}

@misc{wolfCrypt,
  title = {{WolfSSL Embeded SSL/TLS Library}},
  howpublished = "\url{ https://www.wolfssl.com/}",
  year = {2020}
}

@inproceedings{Onur2007Yet,
  title={Yet another MicroArchitectural Attack: Exploiting {I}-Cache},
  author={Onur Ac{\i}i{\c{c}}mez},
  booktitle={Proceedings of the 2007 {ACM} workshop on Computer Security Architecture (CSAW)},
  pages={11--18},
  year = {2007},
}

@InProceedings{Brumley2010,
author="Ac{\i}i{\c{c}}mez, Onur
and Brumley, Billy Bob
and Grabher, Philipp",
title="New Results on Instruction Cache Attacks",
booktitle="International Workshop on Cryptographic Hardware and Embedded Systems (CHES)",
year="2010",
pages="110--124",
}

@InProceedings{ac2006,
author="Ac{\i}i{\c{c}}mez, Onur
and Ko{\c{c}}, {\c{C}}etin Kaya",
title="Trace-Driven Cache Attacks on {AES} (Short Paper)",
booktitle="International Conference on Information and Communications Security (ICICS)",
year="2006",
pages="112--121",
}

@inproceedings{ADHKPS19,
  author    = {Martin R. Albrecht and
               L{\'{e}}o Ducas and
               Gottfried Herold and
               Elena Kirshanova and
               Eamonn W. Postlethwaite and
               Marc Stevens},
  title     = {The General Sieve Kernel and New Records in Lattice Reduction},
  booktitle = {Annual International Conference on the Theory and Applications of Cryptographic Techniques (EUROCRYPT2019)},
  pages     = {717--746},
  year      = {2019},
}

@inproceedings{Allan2016,
 author = {Allan, Thomas and Brumley, Billy Bob and Falkner, Katrina and van de Pol, Joop and Yarom, Yuval},
 title = {Amplifying Side Channels Through Performance Degradation},
 booktitle = {Proceedings of the 32nd Annual Conference on Computer Security Applications {(ACSAC)}},
 year = {2016},
 pages = {422--435},
}

@MANUAL{DSS186,
  title =        {{FIPS} PUB 186-4 Digital Signature Standard (DSS)},
  author =       "{National Institute of Standards and Technology}",
  note =         {},
  month =        {July},
  year =         {2013},
}

@manual{ansi2005,
  title =        {ANSI X9.62-2005, Public Key Cryptography for the Financial Services Industry : The Elliptic Curve Digital Signature Algorithm (ECDSA)},
  author =       "{{American} {National} {Standards} Institute}",
  year =         {2005},
}

@MANUAL{rfc5246,
  title =        { The Transport Layer Security (TLS) Protocol Version 1.2 (RFC 5246)},
  author =       "{T. Dierks and E. Rescorla}",
  year =         {2008},
}

@MANUAL{openpgp2007,
  title =        {OpenPGP Message Format (RFC 4880)},
  author =       "{J. Callas, L. Donnerhacke, H. Finney, D. Shaw and R. Thayer}",
  year =         {2007},
}

@article{smartcard2007,
author = {Rankl, W},
year = {2007},
month = {01},
title = {Smart Card Applications: Design Models for Using and Programming Smart Cards},
}

@InProceedings{bitcoin2008,
author="Satoshi Nakamoto",
title="Bitcoin: a peer-to-peer electronic cash system",
year="2008",
url="https://bitcoin.org/bitcoin.pdf"
}

@InProceedings{Benger2014,
author="Benger, Naomi
and van de Pol, Joop
and Smart, Nigel P.
and Yarom, Yuval",
title="``Ooh Aah... Just a Little Bit'' : A Small Amount of Side Channel Can Go a Long Way",
booktitle="16th International Workshop on Cryptographic Hardware and Embedded Systems (CHES)",
year="2014",
pages="75--92",
}

@misc{Bernstein2005Cache,
  title={Cache-timing attacks on {AES}},
  author={Bernstein, Daniel J},
  year={2005},
  howpublished = "\url{http://cr.yp.to/antiforgery/cachetiming-20050414.pdf}"
}

@InProceedings{boneh1996,
author="Boneh, Dan
and Venkatesan, Ramarathnam",
title="Hardness of Computing the Most Significant Bits of Secret Keys in {Diffie-Hellman} and Related Schemes",
booktitle="16th Annual International Cryptology Conference (CRYPTO)",
year="1996",
pages="129--142",
}

@InProceedings{Bonneau2006,
author="Bonneau, Joseph
and Mironov, Ilya",
title="Cache-Collision Timing Attacks Against {AES}",
booktitle="International Workshop on Cryptographic Hardware and Embedded Systems (CHES)",
year="2006",
pages="201--215",
}

@InProceedings{Brumley2009,
author="Brumley, Billy Bob
and Hakala, Risto M.",
title="Cache-Timing Template Attacks",
booktitle="15th International Conference
               on the Theory and Application of Cryptology and Information Security (ASIACRYPT)",
year="2009",
pages="667--684",
}

@InProceedings{Brumley2011,
author="Brumley, Billy Bob
and Tuveri, Nicola",
title="Remote Timing Attacks Are Still Practical",
booktitle = {16th European Symposium on Research in Computer Security (ESORICS)},
year="2011",
pages="355--371",
}

@InProceedings{bkz2,
author="Chen, Yuanmi
and Nguyen, Phong Q.",
title="{BKZ} 2.0: Better Lattice Security Estimates",
booktitle="17th International Conference on the Theory and Application of Cryptology and Information Security (ASIACRYPT)",
year="2011",
pages="1--20",
}

@InProceedings{Mulder2013,
author="De Mulder, Elke
and Hutter, Michael
and Marson, Mark E.
and Pearson, Peter",
title="Using {B}leichenbacher's Solution to the Hidden Number Problem to Attack Nonce Leaks in 384-Bit {ECDSA}",
booktitle="International Workshop on Cryptographic Hardware and Embedded Systems (CHES)",
year="2013",
pages="435--452",
}

@inproceedings{disselkoen2017prime+abort,
  title={Prime+{A}bort: A Timer-Free High-Precision {L}3 Cache Attack using {I}ntel {TSX}},
  author={Disselkoen, Craig and Kohlbrenner, David and Porter, Leo and Tullsen, Dean},
 booktitle = {26th {USENIX} Security Symposium},
 year = {2017},
 pages = {51--67},
}

@inproceedings{Fan2016,
 author = {Fan, Shuqin and Wang, Wenbo and Cheng, Qingfeng},
 title = {Attacking {OpenSSL} Implementation of {ECDSA} with a Few Signatures},
 booktitle = {Proceedings of the 2016 ACM SIGSAC Conference on Computer and Communications Security (CCS)},
 year = {2016},
 pages = {1505--1515},
}

@inproceedings{Genkin2016,
 author = {Genkin, Daniel and Pachmanov, Lev and Pipman, Itamar and Tromer, Eran and Yarom, Yuval},
 title = {{ECDSA} Key Extraction from Mobile Devices via Nonintrusive Physical Side Channels},
 booktitle = {Proceedings of the 2016 ACM SIGSAC Conference on Computer and Communications Security (CCS)},
 year = {2016},
 pages = {1626--1638},
}

@article{GORDON1998129,
title = "A Survey of Fast Exponentiation Methods",
journal = "Journal of Algorithms",
volume = "27",
number = "1",
pages = "129 - 146",
year = "1998",
author = "Daniel M. Gordon",
}

@InProceedings{Dahmun2016,
author="Goudarzi, Dahmun
and Rivain, Matthieu
and Vergnaud, Damien",
title="Lattice Attacks Against Elliptic-Curve Signatures with Blinded Scalar Multiplication",
booktitle="23rd International Conference on Selected Areas in Cryptography (SAC)",
year="2017",
pages="120--139",
}

@InProceedings{gruss2016flush,
author="Gruss, Daniel
and Maurice, Cl{\'e}mentine
and Wagner, Klaus
and Mangard, Stefan",
title="{F}lush+ {F}lush: A fast and stealthy cache attack",
booktitle="13th International Conference on Detection of Intrusions and Malware, and Vulnerability Assessment",
year="2016",
pages="279--299",
}

@INPROCEEDINGS{cachegame2011,
author={D. {Gullasch} and E. {Bangerter} and S. {Krenn}},
booktitle={32nd {IEEE} Symposium on Security and Privacy, S{\&}P 2011},
title={Cache Games -- Bringing Access-Based Cache Attacks on {AES} to Practice},
year={2011},
pages={490-505},
}

@article{Hedabou2004ACM,
  title={A comb method to render {ECC} resistant against Side Channel Attacks},
  author={Mustapha Hedabou and Pierre Pinel and Lucien B{\'e}n{\'e}teau},
  journal={IACR Cryptology ePrint Archive},
  year={2004},
  volume={2004},
  pages={342}
}

@inproceedings{ehnp,
  author    = {Martin Hlav{\'{a}}c and
               Tom{\'{a}}s Rosa},
  title     = {Extended Hidden Number Problem and Its Cryptanalytic Applications},
  booktitle = {International Conference on Selected Areas in Cryptography (SAC)},
  pages     = {114--133},
  year      = {2006},
}

@Article{Johnson2001,
author="Johnson, Don
and Menezes, Alfred
and Vanstone, Scott",
title="The Elliptic Curve Digital Signature Algorithm {(ECDSA)}",
journal="International Journal of Information Security",
year="2001",
month="Aug",
volume="1",
number="1",
pages="36--63"
}

@Article{HG2001,
author="Howgrave-Graham, N. A.
and Smart, N. P.",
title="Lattice Attacks on Digital Signature Schemes",
journal="Designs, Codes and Cryptography",
year="2001",
month="Aug",
volume="23",
number="3",
pages="283--290",
}

@INPROCEEDINGS{fine2014,
author={G. {Irazoqui} and M. S. {Inci} and T. {Eisenbarth} and B. {Sunar}},
booktitle={2014 IEEE Fourth International Conference on Big Data and Cloud Computing},
title={Fine Grain {Cross-VM} Attacks on {Xen and VMware}},
year={2014},
pages={737-744},
month={Dec},
}

@InProceedings{Irazoqui2014,
author="Irazoqui, Gorka
and Inci, Mehmet Sinan
and Eisenbarth, Thomas
and Sunar, Berk",
title="Wait a Minute! A fast, Cross-{VM} Attack on {AES}",
booktitle="17th International symposium on Research in Attacks, Intrusions and Defenses (RAID)",
year="2014",
pages="299--319",
}

@InProceedings{Koyama1002,
author="Koyama, Kenji
and Tsuruoka, Yukio",
title="Speeding up Elliptic Cryptosystems by Using a Signed Binary Window Method",
booktitle="Annual International Cryptology Conference (CRYPTO92)",
year="1992",
pages="345--357",
}

@Article{Lenstra1982,
author="Lenstra, A. K.
and Lenstra, H. W.
and Lov{\'a}sz, L.",
title="Factoring polynomials with rational coefficients",
journal="Mathematische Annalen",
year="1982",
month="Dec",
volume="261",
number="4",
pages="515--534",
}

@Article{Schnorr1994,
author="Schnorr, C. P.
and Euchner, M.",
title="Lattice basis reduction: Improved practical algorithms and solving subset sum problems",
journal="Mathematical Programming",
year="1994",
month="Aug",
volume="66",
number="1",
pages="181--199",
}

@inproceedings{liu2015last,
  author    = {Fangfei Liu and
               Yuval Yarom and
               Qian Ge and
               Gernot Heiser and
               Ruby B. Lee},
  title     = {Last-Level Cache Side-Channel Attacks are Practical},
  booktitle = {{IEEE} Symposium on Security and Privacy, S{\&}P 2015},
  pages     = {605--622},
  year      = {2015},
}

@InProceedings{Liu2013,
author="Liu, Mingjie
and Nguyen, Phong Q.",
title="Solving {BDD} by Enumeration: An Update",
booktitle="The Cryptographers' Track at the {RSA} Conference (CT-RSA)",
year="2013",
pages="293--309",
}

@inproceedings{Miyaji1997,
 author = {Miyaji, Atsuko and Ono, Takatoshi and Cohen, Henri},
 title = {Efficient Elliptic Curve Exponentiation},
 booktitle = {International Conference on Information and Communications Security (ICICS)},
 year = {1997},
 pages = {282--291},
}

@InProceedings{Nguyen2001,
author="Nguyen, Phong Q.",
title="The Dark Side of the Hidden Number Problem: Lattice Attacks on {DSA}",
booktitle="Cryptography and Computational Number Theory",
year="2001",
pages="321--330",
}

@Article{Nguyen2003,
author="Nguyen, Phong Q.
and Shparlinski, Igor E.",
title="The Insecurity of the Elliptic Curve Digital Signature Algorithm with Partially Known Nonces",
journal="Designs, Codes and Cryptography",
year="2003",
month="Sep",
volume="30",
number="2",
pages="201--217",
}

@Article{Nguyen2002,
author="Nguyen, Phong Q.
and Shparlinski, Igor E.",
title="The Insecurity of the Digital Signature Algorithm with Partially Known Nonces",
journal="Journal of Cryptology",
year="2002",
month="Jun",
volume="15",
number="3",
pages="151--176",
}

@InProceedings{Osvik2006,
author="Osvik, Dag Arne
and Shamir, Adi
and Tromer, Eran",
title="Cache Attacks and Countermeasures: The Case of {AES}",
booktitle="The Cryptographers' Track at the {RSA} Conference (CT-RSA)",
year="2006",
pages="1--20",
}

@article{Page2002,
  title={Theoretical Use of Cache Memory as a Cryptanalytic Side-Channel},
  author={Dan Page},
  journal={IACR Cryptology ePrint Archive},
  year={2002},
  volume={2002},
  pages={169}
}

@inproceedings{Percival2005CACHEMF,
  title={CACHE MISSING FOR FUN AND PROFIT},
  author={Colin Percival},
  year={2005}
}

@inproceedings{Pereida2016,
 author = {Pereida Garc\'{\i}a, Cesar and Brumley, Billy Bob and Yarom, Yuval},
 title = {Make Sure {DSA} Signing Exponentiations Really Are Constant-Time},
 booktitle = {Proceedings of the 2016 ACM SIGSAC Conference on Computer and Communications Security (CCS)},
 year = {2016},
 pages = {1639--1650},
}

@InProceedings{Van2015,
author="van de Pol, Joop
and Smart, Nigel P.
and Yarom, Yuval",
title="Just a Little Bit More",
booktitle="The Cryptographers' Track at the {RSA} Conference (CT-RSA)",
year="2015",
pages="3--21",
}

@inproceedings{get-off-my-cloud,
  author = {Ristenpart, Thomas and Tromer, Eran and Shacham, Hovav and Savage, Stefan},
 title = {Hey, You, Get off of My Cloud: Exploring Information Leakage in Third-party Compute Clouds},
 booktitle = {Proceedings of the 2009 ACM Conference on Computer and Communications Security (CCS)},
 year = {2009},
 pages = {199--212},
}

@Article{Solinas2000,
author="Solinas, Jerome A.",
title="Efficient Arithmetic on Koblitz Curves",
journal="Designs, Codes and Cryptography",
year="2000",
month="Mar",
volume="19",
number="2",
pages="195--249",
}

@unpublished{fplll,
    author = "{The {FPLLL} development team}",
    title = {{fplll}, a lattice reduction library},
    year = 2016,
    note = {Available at \url{https://github.com/fplll/fplll}},
    url = {https://github.com/fplll/fplll}
}

@article{Babai1986,
 author = {L{\'{a}}szl{\'{o}} Babai},
 title = { On {L}ov{\'{a}}sz' Lattice Reduction and the Nearest Lattice Point Problem},
 journal = {Combinatorica},
 volume = {6},
 number = {1},
 month = {Jan},
 year = {1986},
 pages = {1--13},
}

@inproceedings{Tsunoo2003Cryptanalysis,
  title={Cryptanalysis of {DES} Implemented on Computers with Cache},
  author={Tsunoo, Yukiyasu and Saito, Teruo and Suzaki, Tomoyasu and Shigeri, Maki and Miyauchi, Hiroshi},
  booktitle={International Workshop on Cryptographic Hardware and Embedded Systems (CHES)},
  year={2003},
  pages={62-76},
}

@Article{Wang2017,
author="Wang, Wenbo
and Fan, Shuqin",
title="Attacking {OpenSSL ECDSA} with a small amount of side-channel information",
journal="Science China Information Sciences",
year="2017",
month="Aug",
volume="61",
number="3",
pages= {032105:1--032105:14},
}

@inproceedings{flushreload,
 author = {Yarom, Yuval and Falkner, Katrina},
 title={{Flush}+{Reload}: A High Resolution, Low Noise, {L}3 Cache Side-Channel Attack},
 booktitle = {Proceedings of the 23rd USENIX Conference on Security Symposium},
 year = {2014},
 pages = {719--732},
}

@INPROCEEDINGS{Zhang2017,
author={K. {Zhang} and S. {Xu} and D. {Gu} and H. {Gu} and J. {Liu} and Z. {Guo} and R. {Liu} and L. {Liu} and X. {Hu}},
booktitle={2017 13th International Conference on Computational Intelligence and Security (CIS)},
title={Practical Partial-Nonce-Exposure Attack on {ECC} Algorithm},
year={2017},
pages={248-252},
}

@article{yarom2014recovering,
  title={Recovering {OpenSSL} {ECDSA} Nonces Using the {FLUSH+ RELOAD} Cache Side-channel Attack},
  author={Yarom, Yuval and Benger, Naomi},
  journal={IACR Cryptology ePrint Archive},
  volume={2014},
  pages={140},
  year={2014}
}

@inproceedings{YinqianZhang2012-cross-vm,
  title={Cross-{VM} side channels and their use to extract private keys},
  author={Zhang, Yinqian and Juels, Ari and Reiter, Michael K and Ristenpart, Thomas},
 booktitle = {Proceedings of the 2012 ACM SIGSAC Conference on Computer and Communications Security (CCS)},
  pages     = {305--316},
  year      = {2012},
}















@InProceedings{Cao2015,
author="Cao, Weiqiong
and Feng, Jingyi
and Chen, Hua
and Zhu, Shaofeng
and Wu, Wenling
and Han, Xucang
and Zheng, Xiaoguang",
title="Two Lattice-Based Differential Fault Attacks Against {ECDSA with wNAF} Algorithm",
booktitle="Information Security and Cryptology - {ICISC} 2015 - 18th International
               Conference",
year="2015",
pages="297--313",
}

@InProceedings{Nguyen1999,
author="Nguyen, Phong",
title="Cryptanalysis of the Goldreich-Goldwasser-Halevi Cryptosystem from Crypto '97",
booktitle="Advances in Cryptology (CRYPTO)",
year="1999",
pages="288--304",
}

@InProceedings{latticereduction2000,
author="Nguyen, Phong Q.
and Stern, Jacques",
title="Lattice Reduction in Cryptology: An Update",
booktitle="Algorithmic Number Theory",
year="2000",
pages="85--112",
}

@Article{Gomez2019,
author="Gomez, Ana I.
and Gomez-Perez, Domingo
and Renault, Gu{\'e}na{\"e}l",
title="A probabilistic analysis on a lattice attack against {DSA}",
journal="Designs, Codes and Cryptography",
year="2019",
month="Apr",
}

@InProceedings{jean2012,
author="Faug{\`e}re, Jean-Charles
and Goyet, Christopher
and Renault, Gu{\'e}na{\"e}l",
title="Attacking {(EC)DSA} Given Only an Implicit Hint",
booktitle="Selected Areas in Cryptography (SAC)",
year="2012",
pages="252--274",
}

@misc{joseph2006,
  title={Robust Final-Round Cache-Trace Attacks Against {AES}},
  booktitle={IACR Eprint archive},
  author={Joseph Bonneau},
  year=2006
}

@article{Brumley2005Remote,
  title={Remote timing attacks are practical},
  author={Brumley, David and Boneh, Dan},
  journal={Computer Networks},
  year={2005},
  volume={48},
  number={5},
  pages={701--716},
}
